@article{GlucoBench,
  author  = {Renat Sergazinov and Valeriya Rogovchenko and Elizabeth Chun and Nathaniel Fernandes and Irina Gaynanova},
  title   = {GlucoBench: Curated List of Continuous Glucose Monitoring Datasets with Prediction Benchmarks},
  journal = {arXiv},
  year    = {2023},
}

@article{Blood_Glucose_RNN,
    author = {John Martinsson and Alexander Schliep and Bj√∂rn Eliasson and Olof Mogren},
    title ={Blood Glucose Prediction with Variance Estimation Using Recurrent Neural Networks},
    journal = {Journal of Healthcare Informatics Research},
    year = {2020}
}

@article{StackedLSTM,
    author = {Md Fazle Rabby and Yazhou Tu and Md Imran Hossen and Insup Lee and Anthony S. Maida and Xiali Hei },
    title = {Stacked LSTM based deep recurrent neural network with kalman smoothing for blood glucose prediction},
    journal = {BMC Medical Informatics and Decision Making},
    year = {2021}
}

@article{TimeSeriesLag,
    author = {Heydar Khadem and Hoda Nemat and Jackie Elliott and Mohammed Benaissa},
    title = {Blood Glucose Level Time Series Forecasting: Nested Deep Ensemble Learning Lag Fusion},
    journal = {Journal Article},
    year = {2023} 
}

@article{TimeSeriesCluster,
    author = {Danil E. Kladov and Vladimir B. Berikov and Julia F. Semenova and Vadim V. Klimontov},
    title = {Machine Learning Algorithms Based on Time Series Pre-Clustering for Nocturnal Glucose Prediction in People with Type 1 Diabetes},
    journal = {Diagnostics},
    year = {2024} 
}

@article{LongTermCNN,
    author = {Mehrad Jaloli and Marzia Cescon},
    title = {Long-Term Prediction of Blood Glucose Levels in Type 1 Diabetes Using a CNN-LSTM-Based Deep Neural Network},
    journal = {Journal of Diabetes Science and Technology},
    year = {2023}
}